<?xml version="1.0" encoding="UTF-8"?><collection xmlns="http://www.loc.gov/MARC21/slim"><record><leader>00568nam--2200193-i-4500</leader><controlfield tag="001">000024293</controlfield><controlfield tag="002">20161230</controlfield><controlfield tag="005">20161230201035</controlfield><controlfield tag="008">060222s1000------------r-----000-0-eng-d</controlfield><datafield ind1=" " ind2=" " tag="020"><subfield code="a">0471028592</subfield></datafield><datafield ind1=" " ind2=" " tag="040"><subfield code="a">IFIN-HH</subfield></datafield><datafield ind1=" " ind2=" " tag="080"><subfield code="a">538.95:539.183.3:538.91</subfield></datafield><datafield ind1="1" ind2=" " tag="100"><subfield code="a">Jastrzebski, Zbigniew D</subfield></datafield><datafield ind1="1" ind2="0" tag="245"><subfield code="a">The nature and properties of engineering materials</subfield><subfield code="c">Zbigniew d. jastrzebski</subfield></datafield><datafield ind1=" " ind2=" " tag="250"><subfield code="a">Second Edition, Si Version</subfield></datafield><datafield ind1=" " ind2=" " tag="260"><subfield code="a">New York</subfield><subfield code="b">John Wiley And Sons, Inc</subfield><subfield code="c">1977</subfield></datafield><datafield ind1=" " ind2=" " tag="300"><subfield code="a">XVIII + 633P</subfield></datafield><datafield ind1=" " ind2=" " tag="852"><subfield code="a">75223</subfield><subfield code="c">539.2</subfield></datafield><datafield ind1=" " ind2=" " tag="CAT"><subfield code="a">Sys</subfield><subfield code="c">20121126</subfield><subfield code="h">102834</subfield></datafield></record></collection>